<?xml version="1.0" encoding="UTF-8"?><collection xmlns="http://www.loc.gov/MARC21/slim"><record><leader>00451nam--2200133-i-4500</leader><controlfield tag="001">000038648</controlfield><controlfield tag="002">20161230</controlfield><controlfield tag="005">20161230201041</controlfield><controlfield tag="008">060222s1000------------r-----000-0-eng-d</controlfield><datafield ind1=" " ind2=" " tag="080"><subfield code="a">517.5+511.1(047:3):001.818:061.3</subfield></datafield><datafield ind1=" " ind2=" " tag="245"><subfield code="a">Report of an international colloquium on zeta-functions, held at the tata inst.of foundamental research, bombay on 14-21 febr.1956</subfield></datafield><datafield ind1=" " ind2=" " tag="260"><subfield code="a">/F.L./, ... , Iv + 298p</subfield></datafield><datafield ind1=" " ind2=" " tag="852"><subfield code="a">5366</subfield><subfield code="c">517.5</subfield></datafield><datafield ind1=" " ind2=" " tag="CAT"><subfield code="a">Sys</subfield><subfield code="c">20080725</subfield><subfield code="h">091738</subfield></datafield></record></collection>